<collection xmlns="http://www.loc.gov/MARC21/slim">
<record>
  <leader>00901nam0a22002171i 450 </leader>
  <controlfield tag="001">IT\ICCU\CNCE\066154</controlfield>
  <controlfield tag="005">20060828000000.0</controlfield>
  <datafield tag="012" ind1=" " ind2=" ">
    <subfield code="a">**** **** **** **** (C) 1544 (Q)</subfield>
    <subfield code="2">fei</subfield>
  </datafield>
  <datafield tag="100" ind1=" " ind2=" ">
    <subfield code="a">20060828f1544        0itac0103    ba</subfield>
  </datafield>
  <datafield tag="101" ind1=" " ind2=" ">
    <subfield code="a">HEB</subfield>
  </datafield>
  <datafield tag="102" ind1=" " ind2=" ">
    <subfield code="a">IT</subfield>
  </datafield>
  <datafield tag="200" ind1="1" ind2=" ">
    <subfield code="a">Hamissa humse Torah</subfield>
  </datafield>
  <datafield tag="210" ind1=" " ind2=" ">
    <subfield code="a">Venezia</subfield>
    <subfield code="c">Daniel Bomberg</subfield>
    <subfield code="d">1544!</subfield>
  </datafield>
  <datafield tag="215" ind1=" " ind2=" ">
    <subfield code="a">538 c.</subfield>
    <subfield code="d">4o</subfield>
  </datafield>
  <datafield tag="300" ind1=" " ind2=" ">
    <subfield code="a">L&apos;Adams (cfr.: B1223) cita un&apos;edizione del 1545 uguale a questa. -  Segn.: 1-17/8 18/4 19/8 20/10 21-34/8 35/6 36-49/8 50/10 51-54/8 55/4 56-58/8 58/10 59-66/8 67/6.- Bianche le c. 18/4 e 67/6</subfield>
  </datafield>
  <datafield tag="620" ind1=" " ind2=" ">
    <subfield code="a">IT</subfield>
    <subfield code="d">Venezia</subfield>
  </datafield>
  <datafield tag="712" ind1="0" ind2="0">
    <subfield code="a">Bomberg, Daniel</subfield>
    <subfield code="3">IT\ICCU\CNCT\000888</subfield>
    <subfield code="4">650</subfield>
  </datafield>
  <datafield tag="791" ind1="0" ind2="0">
    <subfield code="a">Bombergus, Daniel</subfield>
    <subfield code="3">IT\ICCU\CNCT\004416</subfield>
    <subfield code="z">Bomberg, Daniel</subfield>
  </datafield>
  <datafield tag="791" ind1="0" ind2="0">
    <subfield code="a">Bomberghi, Daniele</subfield>
    <subfield code="3">IT\ICCU\CNCT\004417</subfield>
    <subfield code="z">Bomberg, Daniel</subfield>
  </datafield>
  <datafield tag="801" ind1=" " ind2="3">
    <subfield code="a">IT</subfield>
    <subfield code="b">ICCU</subfield>
    <subfield code="c">20201115</subfield>
  </datafield>
  <datafield tag="899" ind1=" " ind2=" ">
    <subfield code="a">Biblioteca nazionale Vittorio Emanuele III. Napoli</subfield>
    <subfield code="1">NA0079</subfield>
    <subfield code="2">NAP BN</subfield>
  </datafield>
</record>
</collection>
